% use `texdoc biblatex` to get help
@www{zjuthesisrules,
    title = {浙江大学本科生毕业论文（设计）编写规则},
    author = {浙江大学本科生院},
    year = {2018},
    url = {http://bksy.zju.edu.cn/attachments/2018-01/01-1517384518-1149149.pdf},
}
@www{tikz,
    title = {tikz宏包},
    author = {Till Tantau},
    year = {2018},
    url = {https://sourceforge.net/projects/pgf/},
}
@www{zjuthesis,
    title = {浙江大学毕业设计/论文模板},
    author = {王子轩},
    year = {2019},
    url = {https://github.com/TheNetAdmin/zjuthesis},
}
@www{zjugradthesisrules,
    title = {浙江大学研究生学位论文编写规则},
    author = {浙江大学研究生院},
    year = {2008},
    url = {http://grs.zju.edu.cn/redir.php?catalog_id=10038&object_id=12877},
}

@article{SmoothingBySplineFunctions,
    author = {Reinsch, C.H.},
    year = {1967},
    pages = {177-183},
    title = {Smoothing by spline functions},
    volume = {10},
    journal = {Numer. Math.},
    doi = {10.1007/BF02162161}
}

@article{SmoothingBySplineFunctionsII,
    author = {Reinsch, C.H.},
    year = {1971},
    pages = {451-454},
    title = {Smoothing by spline functions. II},
    volume = {16},
    journal = {Numer. Math.},
    doi = {10.1007/BF02169154}
}

@book{GuideToSplines,
    author = {de Boor, Carl},
    year = {1978},
    month = {01},
    pages = {},
    title = {A Practical Guide to Spline},
    volume = {Volume 27},
    journal = {Applied Mathematical Sciences, New York: Springer, 1978},
    doi = {10.2307/2006241}
}

@article{Boor2001CALCULATIONOT,
  title={CALCULATION OF THE SMOOTHING SPLINE WITH WEIGHTED ROUGHNESS MEASURE},
  author={Carl de Boor},
  journal={Mathematical Models and Methods in Applied Sciences},
  year={2001},
  volume={11},
  pages={33-41},
  url={https://api.semanticscholar.org/CorpusID:10080989}
}

@article{baltamChinese,
    author = {  蔡雨耘 and 杨士达},
    title = {北太天元逐梦中国“自”造},
    journal = {当代党员},
    volume = {},
    number = {15},
    pages = {29-30},
    year = {2023},
    issn = {1007-3566},
}    

@article{Boor1976SOLVEBLOKAP,
  title={SOLVEBLOK: A Package for Solving Almost Block Diagonal Linear Systems},
  author={Carl de Boor and Richard Weiss},
  journal={ACM Trans. Math. Softw.},
  year={1976},
  volume={6},
  pages={80-87},
  url={https://api.semanticscholar.org/CorpusID:6860028}
}

@book{hastie2009elements,
  title={The Elements of Statistical Learning: Data Mining, Inference, and Prediction},
  author={Hastie, Trevor and Tibshirani, Robert and Friedman, Jerome},
  year={2009},
  edition={2nd},
  publisher={Springer},
  address={New York},
  doi={10.1007/978-0-387-84858-7},
  isbn={978-0-387-84857-0}
}

@book{green1993nonparametric,
  title={Nonparametric Regression and Generalized Linear Models: A Roughness Penalty Approach},
  author={Green, Peter J. and Silverman, Bernard W.},
  year={1993},
  edition={1st},
  publisher={Chapman and Hall/CRC},
  address={London},
  doi={10.1201/b15710},
  isbn={978-0412300400}
}

@article{Schoenberg1964,
 ISSN = {00278424, 10916490},
 URL = {http://www.jstor.org/stable/72390},
 author = {I. J. Schoenberg},
 journal = {Proceedings of the National Academy of Sciences of the United States of America},
 number = {4},
 pages = {947--950},
 publisher = {National Academy of Sciences},
 title = {Spline Functions and the Problem of Graduation},
 volume = {52},
 year = {1964}
}

@article{Whittaker1922,
 title={On a New Method of Graduation},
 volume={41},
 DOI={10.1017/S0013091500077853},
 journal={Proceedings of the Edinburgh Mathematical Society},
 author={Whittaker, E. T.},
 year={1922},
 pages={63–75}
} 

@book{Wahba1990,
author = {Wahba, Grace},
title = {Spline Models for Observational Data},
publisher = {Society for Industrial and Applied Mathematics},
year = {1990},
doi = {10.1137/1.9781611970128},
address = {},
edition   = {},
URL = {https://epubs.siam.org/doi/abs/10.1137/1.9781611970128},
eprint = {https://epubs.siam.org/doi/pdf/10.1137/1.9781611970128}
}

@article{deBoer2000AdaptiveIS,
  title={Adaptive importance sampling simulation of queueing networks},
  author={Pieter-Tjerk de Boer and Victor F. Nicola and Reuven Y. Rubinstein},
  journal={2000 Winter Simulation Conference Proceedings (Cat. No.00CH37165)},
  year={2000},
  volume={1},
  pages={646-655 vol.1},
  url={https://api.semanticscholar.org/CorpusID:8675693}
}

@article{Keys2004ASM,
  title={A sequential-design metamodeling strategy for simulation optimization},
  author={Anthony C. Keys and Loren Paul Rees},
  journal={Comput. Oper. Res.},
  year={2004},
  volume={31},
  pages={1911-1932},
  url={https://api.semanticscholar.org/CorpusID:38132853}
}

@INPROCEEDINGS{Santos2010,
  author={Santos, Pedro R. and Santos, Isabel R.},
  booktitle={Proceedings of the 2010 Winter Simulation Conference}, 
  title={Reinsch's smoothing spline simulation metamodels}, 
  year={2010},
  volume={},
  number={},
  pages={925-934},
  keywords={Spline;Polynomials;Smoothing methods;Mathematical model;Least squares approximation;Data models},
  doi={10.1109/WSC.2010.5679097}
}

@article{BARAMIDZE20111091,
title = {Convergence of discrete and penalized least squares spherical splines},
journal = {Journal of Approximation Theory},
volume = {163},
number = {9},
pages = {1091-1106},
year = {2011},
issn = {0021-9045},
doi = {https://doi.org/10.1016/j.jat.2011.03.001},
url = {https://www.sciencedirect.com/science/article/pii/S0021904511000475},
author = {Victoria Baramidze and Ming-Jun Lai},
keywords = {Spherical splines, Least squares splines},
abstract = {We study the convergence of discrete and penalized least squares spherical splines in spaces with stable local bases. We derive a bound for error in the approximation of a sufficiently smooth function by the discrete and penalized least squares splines. The error bound for the discrete least squares splines is explicitly dependent on the mesh size of the underlying triangulation. The error bound for the penalized least squares splines additionally depends on the penalty parameter.}
}

@article{Cromme2017DiscreteAB,
  title={Discrete approximation by first-degree splines with free knots},
  author={Ludwig J. Cromme and Jens Kunath},
  journal={arXiv: Numerical Analysis},
  year={2017},
  pages={26-39},
  url={https://api.semanticscholar.org/CorpusID:119166501}
}